@PhdThesis{is-phd-thesis,
author = {Sutskever Ilya},
title = {Training Recurrent Neural Networks},
school = {Graduate Department of Computer Science, University of Toronto},
year = {2013},
url = {https://www.cs.utoronto.ca/~ilya/pubs/ilya_sutskever_phd_thesis.pdf}
}
@TechReport{randnn,
author = {Saining Xie and
          Alexander Kirillov and
          Ross B. Girshick and
          Kaiming He},
title = {Exploring Randomly Wired Neural Networks for Image Recognition},
institution = {Facebook AI Research (FAIR)},
year = {2019},
eid = {arXiv:1904.01569v2},
archivePrefix = {arXiv},
eprint = {1904.01569v2}
}
@InProceedings{julian,
author = {Julian Stier and Michael Granitzer},
title = {Structural Analysis of Sparse Neural Networks},
booktitle = {23rd International Conference on Knowledge-Based and Intelligent Information \& Engineering Systems},
OPTpages = {107-116},
OPTyear = {2019},
OPTvolume = {159},
OPTmonth = {September},
OPTorganization = {Procedia Computer Science},
OPTpublisher = {Elsevier B.V.},
doi = {10.1016/j.procs.2019.09.165}
}
@incollection{drnn-2013,
title = {Training and Analysing Deep Recurrent Neural Networks},
author = {Hermans, Michiel and Schrauwen, Benjamin},
booktitle = {Advances in Neural Information Processing Systems 26},
editor = {C. J. C. Burges and L. Bottou and M. Welling and Z. Ghahramani and K. Q. Weinberger},
pages = {190--198},
year = {2013},
publisher = {Curran Associates, Inc.},
url = {http://papers.nips.cc/paper/5166-training-and-analysing-deep-recurrent-neural-networks.pdf}
}

